<?xml version="1.0" encoding="UTF-8"?><collection xmlns="http://www.loc.gov/MARC21/slim"><record><leader>00465nam--2200181-i-4500</leader><controlfield tag="001">000026182</controlfield><controlfield tag="002">20161230</controlfield><controlfield tag="005">20161230201036</controlfield><controlfield tag="008">060222s1000------------r-----000-0-rum-d</controlfield><datafield ind1=" " ind2=" " tag="040"><subfield code="a">IFIN-HH</subfield></datafield><datafield ind1=" " ind2=" " tag="041"><subfield code="a">rum</subfield></datafield><datafield ind1=" " ind2=" " tag="080"><subfield code="a">537.533</subfield></datafield><datafield ind1="1" ind2=" " tag="100"><subfield code="a">Kaptov, N.A</subfield></datafield><datafield ind1="1" ind2="0" tag="245"><subfield code="a">Electronica</subfield><subfield code="b">Traducere din limba rusa</subfield><subfield code="c">N.a. kaptov</subfield></datafield><datafield ind1=" " ind2=" " tag="260"><subfield code="a">Bucuresti</subfield><subfield code="b">Editura Tehnica</subfield><subfield code="c">1956</subfield></datafield><datafield ind1=" " ind2=" " tag="300"><subfield code="a">511P.CU FIG.+ ERATA</subfield></datafield><datafield ind1=" " ind2=" " tag="852"><subfield code="a">4503</subfield><subfield code="c">537.533</subfield></datafield><datafield ind1=" " ind2=" " tag="CAT"><subfield code="a">Sys</subfield><subfield code="c">20110812</subfield><subfield code="h">114751</subfield></datafield></record></collection>